<record><leader>00000cas a2200000 a 4500</leader><controlfield tag="001">12483619</controlfield><controlfield tag="008">850903d18901909ksuwr ne      0    0eng d</controlfield><datafield ind1=" " ind2=" " tag="010"><subfield code="a">sn 85032666 </subfield></datafield><datafield ind1=" " ind2=" " tag="040"><subfield code="a">KSH</subfield><subfield code="b">eng</subfield><subfield code="c">KSH</subfield><subfield code="d">NPT</subfield><subfield code="d">OCL</subfield><subfield code="d">OCLCQ</subfield></datafield><datafield ind1=" " ind2=" " tag="042"><subfield code="a">msc</subfield></datafield><datafield ind1="0" ind2=" " tag="130"><subfield code="a">Salina herald (Salina, Kan. : 1890)</subfield></datafield><datafield ind1="1" ind2="4" tag="245"><subfield code="a">The Salina herald.</subfield></datafield><datafield ind1="3" ind2="0" tag="246"><subfield code="a">Salina weekly herald</subfield></datafield><datafield ind1="3" ind2="0" tag="246"><subfield code="a">Industrial herald</subfield></datafield><datafield ind1=" " ind2=" " tag="260"><subfield code="a">Salina, Kan. :</subfield><subfield code="b">Harry C. Tobey,</subfield><subfield code="c">1890-1909.</subfield></datafield><datafield ind1=" " ind2=" " tag="300"><subfield code="a">19 v. :</subfield><subfield code="b">ill. ;</subfield><subfield code="c">55 cm.</subfield></datafield><datafield ind1=" " ind2=" " tag="310"><subfield code="a">Weekly</subfield></datafield><datafield ind1="0" ind2=" " tag="362"><subfield code="a">Vol. 24, no. 34 (Oct. 16 [i.e. 17], 1890)-v. 43, no. 17 (June 3, 1909).</subfield></datafield><datafield ind1=" " ind2=" " tag="500"><subfield code="a">Published as: Salina weekly herald, Feb. 6-May 15, 1891; Jan. 1-Mar. 5, 1897; Industrial herald, July 3, 1891.</subfield></datafield><datafield ind1=" " ind2=" " tag="500"><subfield code="a">Publisher varies.</subfield></datafield><datafield ind1=" " ind2=" " tag="500"><subfield code="a">Democratic.</subfield></datafield><datafield ind1=" " ind2=" " tag="752"><subfield code="a">United States</subfield><subfield code="b">Kansas</subfield><subfield code="c">Saline</subfield><subfield code="d">Salina.</subfield></datafield><datafield ind1="0" ind2="0" tag="780"><subfield code="t">Salina weekly herald</subfield><subfield code="w">(DLC)sn 85032665</subfield></datafield><datafield ind1="1" ind2=" " tag="029"><subfield code="a">AU@</subfield><subfield code="b">000022166706</subfield></datafield></record>